@article{springer1,
year={2000},
issn={0885-6125},
journal={Machine Learning},
volume={40},
number={3},
doi={10.1023/A:1007608224229},
title={A Comparison of Prediction Accuracy, Complexity, and Training Time of Thirty-Three Old and New Classification Algorithms},
url={http://dx.doi.org/10.1023/A%3A1007608224229},
publisher={Kluwer Academic Publishers},
keywords={classification tree; decision tree; neural net; statistical classifier},
author={Lim, Tjen-Sien and Loh, Wei-Yin and Shih, Yu-Shan},
pages={203-228},
language={English}
}



@inproceedings{gimpel2011part,
  title={Part-of-speech tagging for twitter: Annotation, features, and experiments},
  author={Gimpel, Kevin and Schneider, Nathan and OConnor, Brendan and Das, Dipanjan and Mills, Daniel and Eisenstein, Jacob and Heilman, Michael and Yogatama, Dani and Flanigan, Jeffrey and Smith, Noah A},
  booktitle={Proceedings of the 49th Annual Meeting of the Association for Computational Linguistics: Human Language Technologies: short papers-Volume 2},
  pages={42--47},
  year={2011},
  organization={Association for Computational Linguistics}
}

@inproceedings{loper2002nltk,
  title={NLTK: The natural language toolkit},
  author={Loper, Edward and Bird, Steven},
  booktitle={Proceedings of the ACL-02 Workshop on Effective tools and methodologies for teaching natural language processing and computational linguistics-Volume 1},
  pages={63--70},
  year={2002},
  organization={Association for Computational Linguistics}
}

@misc{50mpaths,
	author = "TweetNLP",
    url="http://www.ark.cs.cmu.edu/TweetNLP/clusters/50mpaths2"}
    
@misc{so,
	author = "Stack Overflow",
    url="http://stackoverflow.com/questions/20796266/named-entity-recognition-using-freebase"}
    
@inproceedings{McCallum,
 author = {McCallum, Andrew and Li, Wei},
 title = {Early Results for Named Entity Recognition with Conditional Random Fields, Feature Induction and Web-enhanced Lexicons},
 booktitle = {Proceedings of the Seventh Conference on Natural Language Learning at HLT-NAACL 2003 - Volume 4},
 series = {CONLL '03},
 year = {2003},
 location = {Edmonton, Canada},
 pages = {188--191},
 numpages = {4},
 url = {http://dx.doi.org/10.3115/1119176.1119206},
 doi = {10.3115/1119176.1119206},
 acmid = {1119206},
 publisher = {Association for Computational Linguistics},
 address = {Stroudsburg, PA, USA},
} 